%%%%%%%%%%%%%%%%%%%%%%%%%%%%%%%%%%%%%%%%%%%%%%%%%%
neural network applications to star trackers
%%%%%%%%%%%%%%%%%%%%%%%%%%%%%%%%%%%%%%%%%%%%%%%%%%
@article{li2003star,
  title={Star pattern recognition method based on neural network},
  author={Li, Chunyan and Li, Ke and Zhang, Longyun and Jin, Shengzhen and Zu, Jifeng},
  journal={Chinese Science Bulletin},
  volume={48},
  number={18},
  pages={1927--1930},
  year={2003},
  publisher={Springer}
}

@inproceedings{roberts2005application,
  title={Application of a counter propagation neural network for star identification},
  author={Roberts, Peter and Walker, Rodney},
  booktitle={AIAA Guidance, Navigation, and Control Conference and Exhibit},
  pages={6469},
  year={2005}
}

@article{hong2000neural,
  title={Neural-network-based autonomous star identification algorithm},
  author={Hong, Jian and Dickerson, Julie A},
  journal={Journal of Guidance, Control, and Dynamics},
  volume={23},
  number={4},
  pages={728--735},
  year={2000}
}

@article{trask2003tracker,
title = "Autonomous artificial neural network star tracker for spacecraft attitude determination",
author = "Trask, {Aaron J.} and Coverstone, {Victoria L.}",
year = "2003",
language = "English (US)",
volume = "114",
pages = "1315--1335",
journal = "Advances in the Astronautical Sciences",
issn = "1081-6003",
publisher = "Univelt Inc.",
number = "SUPPL.",
}

@inproceedings{alvelda1989neural,
  title={Neural network star pattern recognition for spacecraft attitude determination and control},
  author={Alvelda, Phillip and San Martin, A Miguel},
  booktitle={Advances in Neural Information Processing Systems},
  pages={314--322},
  year={1989}
}
%%%%%%%%%%%%%%%%%%%%%%%%%%%%%%%%%%%%%%%%%%%%%%%%%%
general neural net info
%%%%%%%%%%%%%%%%%%%%%%%%%%%%%%%%%%%%%%%%%%%%%%%%%%
@article{hochreiter1998vanishing,
  title={The vanishing gradient problem during learning recurrent neural nets and problem solutions},
  author={Hochreiter, Sepp},
  journal={International Journal of Uncertainty, Fuzziness and Knowledge-Based Systems},
  volume={6},
  number={02},
  pages={107--116},
  year={1998},
  publisher={World Scientific}
}

@inproceedings{krizhevsky2012imagenet,
  title={Imagenet classification with deep convolutional neural networks},
  author={Krizhevsky, Alex and Sutskever, Ilya and Hinton, Geoffrey E},
  booktitle={Advances in neural information processing systems},
  pages={1097--1105},
  year={2012}
}

@article{chung2014empirical,
  title={Empirical evaluation of gated recurrent neural networks on sequence modeling},
  author={Chung, Junyoung and Gulcehre, Caglar and Cho, KyungHyun and Bengio, Yoshua},
  journal={arXiv preprint arXiv:1412.3555},
  year={2014}
}

@article{gers1999learning,
  title={Learning to forget: Continual prediction with LSTM},
  author={Gers, Felix A and Schmidhuber, J{\"u}rgen and Cummins, Fred},
  year={1999},
  publisher={IET}
}
%%%%%%%%%%%%%%%%%%%%%%%%%%%%%%%%%%%%%%%%%%%%%%%%%%
modern star tracking algorithms
%%%%%%%%%%%%%%%%%%%%%%%%%%%%%%%%%%%%%%%%%%%%%%%%%%
@article{ho2012survey,
  title={A survey of algorithms for star identification with low-cost star trackers},
  author={Ho, K},
  journal={Acta Astronautica},
  volume={73},
  pages={156--163},
  year={2012},
  publisher={Elsevier}
}

@article{spratling2009survey,
  title={A survey on star identification algorithms},
  author={Spratling, Benjamin B and Mortari, Daniele},
  journal={Algorithms},
  volume={2},
  number={1},
  pages={93--107},
  year={2009},
  publisher={Molecular Diversity Preservation International}
}

@incollection{zhang2017processing,
  title={Processing of Star Catalog and Star Image},
  author={Zhang, Guangjun},
  booktitle={Star Identification},
  pages={37--72},
  year={2017},
  publisher={Springer}
}

@inproceedings{wu2009design,
  title={Design and simulation of a novel APS star tracker},
  author={Wu, Feng and Shen, Weimin and Zhou, Jiankang and Chen, Xinhua},
  booktitle={2008 International Conference on Optical Instruments and Technology: Optical Systems and Optoelectronic Instruments},
  volume={7156},
  pages={71561S},
  year={2009},
  organization={International Society for Optics and Photonics}
}

@phdthesis{tappe2009development,
  title={Development of star tracker system for accurate estimation of spacecraft attitude},
  author={Tappe, Jack A},
  year={2009},
  school={Monterey, California. Naval Postgraduate School}
}

@article{miri2012star,
  title={Star identification using Delaunay triangulation and distributed neural networks},
  author={Miri, Saeideh Sadat and Shiri, Mohammad Ebrahim},
  journal={International Journal of Modeling and Optimization},
  volume={2},
  number={3},
  pages={234},
  year={2012},
  publisher={IACSIT Press}
}

@article{delabie2013highly,
  title={Highly robust lost-in-space algorithm based on the shortest distance transform},
  author={Delabie, Tjorven and Durt, Thomas and Vandersteen, Jeroen},
  journal={Journal of Guidance, Control, and Dynamics},
  volume={36},
  number={2},
  pages={476--484},
  year={2013},
  publisher={American Institute of Aeronautics and Astronautics}
}

@misc{dhraief2015determining,
  title={Determining the Requirements for the Star Tracker on JEM-EUSO},
  author={Dhraief, Youssef and Hedayati, Farid},
  year={2015}
}

@article{samaan2005recursive,
  title={Recursive mode star identification algorithms},
  author={Samaan, Malak A and Mortari, Daniele and Junkins, John L},
  journal={IEEE Transactions on Aerospace and Electronic Systems},
  volume={41},
  number={4},
  pages={1246--1254},
  year={2005},
  publisher={IEEE}
}

@article{pham2013autonomous,
  title={An autonomous star recognition algorithm with optimized database},
  author={Pham, Minh Duc and Low, Kay-Soon and Chen, Shoushun},
  journal={IEEE Transactions on Aerospace and Electronic Systems},
  volume={49},
  number={3},
  pages={1467--1475},
  year={2013},
  publisher={IEEE}
}










